@book{libroUNO,
  author = {Donald E. Knuth},
  year = {1986},
  title = {The {\TeX} Book},
  publisher = {Addison-Wesley Professional},
  keywords  = "latex"

}

%Bibliografía:
%(1)-(por el anatomista Santiago Ramón y Cajal)
%(2)-López-Muñoz F, Boya J, Alamo C (October 2006). "Neuron theory, the cornerstone of neuroscience, on the centenary of the Nobel Prize award to Santiago Ramón y Cajal". Brain Research Bulletin. 70 (4–6): 391–405. doi:10.1016/j.brainresbull.2006.07.010. PMID 17027775. S2CID 11273256.
%(3) https://myhealth.ucsd.edu/Spanish/RelatedItems/3,82633

%(4) https://www.amazon.com.mx/Redes-Neuronales-Deep-Learning-Spanish/dp/1731265387 En algun momento lo use. Tal vez en este capitulo no. pero por ahi.


%(5) https://www.amazon.com/Machine-Learning-Tom-M-Mitchell/dp/0070428077

%(6)https://www.amazon.com.mx/Neural-Networks-Learning-Machines-Haykin/dp/0131471392
%(https://rdu.unc.edu.ar/handle/11086/18122)
